@article{DBLP:journals/iacr/Rudskoy10,
  author       = {Vladimir Rudskoy},
  title        = {On zero practical significance of "Key recovery attack on full {GOST}
                  block cipher with zero time and memory"},
  journal      = {{IACR} Cryptol. ePrint Arch.},
  pages        = {111},
  year         = {2010},
  url          = {http://eprint.iacr.org/2010/111},
  timestamp    = {Mon, 11 May 2020 15:53:58 +0200},
  biburl       = {https://dblp.org/rec/journals/iacr/Rudskoy10.bib},
  bibsource    = {dblp computer science bibliography, https://dblp.org}
}

@article{DBLP:journals/iacr/JanaRSP23,
  author       = {Amit Jana and
                  Mostafizar Rahman and
                  Dhiman Saha and
                  Goutam Paul},
  title        = {Switching the Top Slice of the Sandwich with Extra Filling Yields
                  a Stronger Boomerang for NLFSR-based Block Ciphers},
  journal      = {{IACR} Cryptol. ePrint Arch.},
  pages        = {1543},
  year         = {2023},
  url          = {https://eprint.iacr.org/2023/1543},
  timestamp    = {Thu, 09 Nov 2023 15:01:15 +0100},
  biburl       = {https://dblp.org/rec/journals/iacr/JanaRSP23.bib},
  bibsource    = {dblp computer science bibliography, https://dblp.org}
}

@misc{wiki:Feistel_cipher,
   author = "Wikipedia",
   title = "{Feistel cipher} --- {W}ikipedia{,} The Free Encyclopedia",
   year = "2024",
   howpublished = {\url{http://en.wikipedia.org/w/index.php?title=Feistel\%20cipher&oldid=1241213256}},
   note = "[Online; accessed 31-October-2024]"
 }

@misc{wiki:S-box,
   author = "Wikipedia",
   title = "{S-box} --- {W}ikipedia{,} The Free Encyclopedia",
   year = "2024",
   howpublished = {\url{http://en.wikipedia.org/w/index.php?title=S-box&oldid=1182341130}},
   note = "[Online; accessed 31-October-2024]"
 }

@misc{wiki:Block_cipher,
   author = "Wikipedia",
   title = "{Block cipher} --- {W}ikipedia{,} The Free Encyclopedia",
   year = "2024",
   howpublished = {\url{http://en.wikipedia.org/w/index.php?title=Block\%20cipher&oldid=1251388783}},
   note = "[Online; accessed 31-October-2024]"
 }

@ARTICLE{5389567,
  author={Coppersmith, D.},
  journal={IBM Journal of Research and Development}, 
  title={The Data Encryption Standard (DES) and its strength against attacks}, 
  year={1994},
  volume={38},
  number={3},
  pages={243-250},
  keywords={},
  doi={10.1147/rd.383.0243}}

@misc{wiki:Data_Encryption_Standard,
   author = "Wikipedia",
   title = "{Data Encryption Standard} --- {W}ikipedia{,} The Free Encyclopedia",
   year = "2024",
   howpublished = {\url{http://en.wikipedia.org/w/index.php?title=Data\%20Encryption\%20Standard&oldid=1250616539}},
   note = "[Online; accessed 31-October-2024]"
 }

@misc{wiki:EFF_DES_cracker,
   author = "Wikipedia",
   title = "{EFF DES cracker} --- {W}ikipedia{,} The Free Encyclopedia",
   year = "2024",
   howpublished = {\url{http://en.wikipedia.org/w/index.php?title=EFF\%20DES\%20cracker&oldid=1142041366}},
   note = "[Online; accessed 31-October-2024]"
 }

@misc{wiki:Advanced_Encryption_Standard,
   author = "Wikipedia",
   title = "{Advanced Encryption Standard} --- {W}ikipedia{,} The Free Encyclopedia",
   year = "2024",
   howpublished = {\url{http://en.wikipedia.org/w/index.php?title=Advanced\%20Encryption\%20Standard&oldid=1254420717}},
   note = "[Online; accessed 31-October-2024]"
 }

@misc{wiki:Triple_DES,
   author = "Wikipedia",
   title = "{Triple DES} --- {W}ikipedia{,} The Free Encyclopedia",
   year = "2024",
   howpublished = {\url{http://en.wikipedia.org/w/index.php?title=Triple\%20DES&oldid=1250575091}},
   note = "[Online; accessed 31-October-2024]"
 }

@misc{wiki:GOST_(block_cipher),
   author = "Wikipedia",
   title = "{GOST (block cipher)} --- {W}ikipedia{,} The Free Encyclopedia",
   year = "2024",
   howpublished = {\url{http://en.wikipedia.org/w/index.php?title=GOST\%20(block\%20cipher)&oldid=1218930816}},
   note = "[Online; accessed 31-October-2024]"
 }

@misc{wiki:Kuznyechik,
   author = "Wikipedia",
   title = "{Kuznyechik} --- {W}ikipedia{,} The Free Encyclopedia",
   year = "2024",
   howpublished = {\url{http://en.wikipedia.org/w/index.php?title=Kuznyechik&oldid=1253230113}},
   note = "[Online; accessed 31-October-2024]"
 }

@misc{wiki:GOST,
   author = "Wikipedia",
   title = "{GOST} --- {W}ikipedia{,} The Free Encyclopedia",
   year = "2024",
   howpublished = {\url{http://en.wikipedia.org/w/index.php?title=GOST&oldid=1253003087}},
   note = "[Online; accessed 31-October-2024]"
 }

@misc{cryptoeprint:2011/211,
      author = {Nicolas T.  Courtois},
      title = {Security Evaluation of {GOST} 28147-89 In View Of International Standardisation},
      howpublished = {Cryptology {ePrint} Archive, Paper 2011/211},
      year = {2011},
      url = {https://eprint.iacr.org/2011/211}
}

@misc{rfc8891,
    series =    {Request for Comments},
    number =    8891,
    howpublished =  {RFC 8891},
    publisher = {RFC Editor},
    doi =       {10.17487/RFC8891},
    url =       {https://www.rfc-editor.org/info/rfc8891},
    author =    {Vasily Dolmatov and Dmitry Baryshkov},
    title =     {{GOST R 34.12-2015: Block Cipher "Magma"}},
    pagetotal = 13,
    year =      2020,
    month =     sep
}

@misc{wiki:KASUMI,
   author = "Wikipedia",
   title = "{KASUMI} --- {W}ikipedia{,} The Free Encyclopedia",
   year = "2024",
   howpublished = {\url{http://en.wikipedia.org/w/index.php?title=KASUMI&oldid=1180505772}},
   note = "[Online; accessed 31-October-2024]"
 }

@misc{wiki:MISTY1,
   author = "Wikipedia",
   title = "{MISTY1} --- {W}ikipedia{,} The Free Encyclopedia",
   year = "2024",
   howpublished = {\url{http://en.wikipedia.org/w/index.php?title=MISTY1&oldid=1167898987}},
   note = "[Online; accessed 31-October-2024]"
 }

@misc{cryptoeprint:2004/094,
      author = {Alex Biryukov},
      title = {Block Ciphers and Stream Ciphers:  The State of the Art},
      howpublished = {Cryptology {ePrint} Archive, Paper 2004/094},
      year = {2004},
      url = {https://eprint.iacr.org/2004/094}
}

@misc{wiki:Differential_cryptanalysis,
   author = "Wikipedia",
   title = "{Differential cryptanalysis} --- {W}ikipedia{,} The Free Encyclopedia",
   year = "2024",
   howpublished = {\url{http://en.wikipedia.org/w/index.php?title=Differential\%20cryptanalysis&oldid=1244199191}},
   note = "[Online; accessed 31-October-2024]"
 }

@InProceedings{10.1007/3-540-38424-3_1,
author="Biham, Eli
and Shamir, Adi",
editor="Menezes, Alfred J.
and Vanstone, Scott A.",
title="Differential Cryptanalysis of DES-like Cryptosystems",
booktitle="Advances in Cryptology-CRYPTO' 90",
year="1991",
publisher="Springer Berlin Heidelberg",
address="Berlin, Heidelberg",
pages="2--21"
}

@InProceedings{10.1007/3-540-48519-8_12,
author="Wagner, David",
editor="Knudsen, Lars",
title="The Boomerang Attack",
booktitle="Fast Software Encryption",
year="1999",
publisher="Springer Berlin Heidelberg",
address="Berlin, Heidelberg",
pages="156--170",
isbn="978-3-540-48519-3"
}

@misc{wiki:Boomerang_attack,
   author = "Wikipedia",
   title = "{Boomerang attack} --- {W}ikipedia{,} The Free Encyclopedia",
   year = "2024",
   howpublished = {\url{http://en.wikipedia.org/w/index.php?title=Boomerang\%20attack&oldid=1180520039}},
   note = "[Online; accessed 31-October-2024]"
 }

@InProceedings{inproceedings,
author = {Biham, Eli and Dunkelman, Orr and Keller, Nathan},
year = {2005},
month = {01},
pages = {507-525},
title = {Related-Key Boomerang and Rectangle Attacks},
volume = {3494},
journal = {Lecture Notes in Computer Science}
}

@article{jofc-1994-14102,
  title={New Types of Cryptanalytic Attacks Using Related Keys},
  journal={J. Cryptology},
  volume={7},
  pages={229-246},
  doi={10.1007/BF00203965},
  author={Eli Biham},
  year=1994
}

@misc{wiki:Related-key_attack,
   author = "Wikipedia",
   title = "{Related-key attack} --- {W}ikipedia{,} The Free Encyclopedia",
   year = "2024",
   howpublished = {\url{http://en.wikipedia.org/w/index.php?title=Related-key\%20attack&oldid=1185994698}},
   note = "[Online; accessed 31-October-2024]"
 }