@article{jofc-2014-25962,
  title={A Practical-Time Related-Key Attack on the KASUMI Cryptosystem Used in GSM and 3G Telephony},
  journal={J. Cryptology},
  volume={27},
  pages={824-849},
  doi={10.1007/s00145-013-9154-9},
  author={Orr Dunkelman and Nathan Keller and Adi Shamir},
  year=2014
}
@misc{cryptoeprint:2010/111,
      author = {Vladimir Rudskoy},
      title = {On zero practical significance of “"Key recovery attack on  full {GOST} block cipher with zero time and memory”"},
      howpublished = {Cryptology {ePrint} Archive, Paper 2010/111},
      year = {2010},
      url = {https://eprint.iacr.org/2010/111}
}
@misc{asecuritysite_82320, title = {Kasumi - A5/3 - Cipher}, year={2025}, organization = {Asecuritysite.com}, author = {Buchanan, William J}, url = {https://asecuritysite.com/symmetric/kasumi}, note={Accessed: April 13, 2025}, howpublished={\url{https://asecuritysite.com/symmetric/kasumi}} }
@inproceedings{inproceedings,
author = {Pudovkina, Marina and Khoruzhenko, Georgy},
year = {2019},
month = {04},
pages = {},
title = {Related-key attacks on the full GOST block cipher with 2 or 4 related keys}
}
@misc{githubGitHubBozhuGOSTPython,
	author = {},
	title = {{G}it{H}ub - bozhu/{G}{O}{S}{T}-{P}ython: {A} {P}ython implementation for the block cipher {G}{O}{S}{T} --- github.com},
	howpublished = {\url{https://github.com/bozhu/GOST-Python?tab=readme-ov-file#}},
	year = {},
	note = {[Accessed 13-04-2025]},
}
@article{nachef2017feistel,
  title={Feistel ciphers},
  author={Nachef, Val{\'e}rie and Patarin, Jacques and Volte, Emmanuel},
  journal={Cham: Springer International Publishing},
  pages={11-14},
  year={2017},
  publisher={Springer}
}
@Inbook{Anderson2008,
title="Information Theory and Entropy",
bookTitle="Model Based Inference in the Life Sciences: A Primer on Evidence",
year="2008",
publisher="Springer New York",
address="New York, NY",
pages="51--82",
isbn="978-0-387-74075-1",
doi="10.1007/978-0-387-74075-1_3",
url="https://doi.org/10.1007/978-0-387-74075-1_3"
}
@inbook{Carlet_2010, 
place={Cambridge}, 
series={Encyclopedia of Mathematics and its Applications}, 
title={Vectorial Boolean Functions for Cryptography}, 
booktitle={Boolean Models and Methods in Mathematics, Computer Science, and Engineering}, 
publisher={Cambridge University Press}, author={Carlet, Claude}, 
editor={Crama, Yves and Hammer, Peter L.Editors}, 
year={2010}, 
pages={398–470}, 
collection={Encyclopedia of Mathematics and its Applications}
}
@misc{cryptoeprint:2016/1171,
      author = {Roberto Avanzi},
      title = {A Salad of Block Ciphers, page 22},
      howpublished = {Cryptology {ePrint} Archive, Paper 2016/1171},
      year = {2016},
      pages = {22},
      url = {https://eprint.iacr.org/2016/1171}
}
@article{pub1999data,
  title={Data encryption standard (des)},
  author={Pub, FIPS},
  journal={FIPS PUB},
  volume={463},
  year={1999},
  publisher={NIPS Gaithersburg, MD, USA}
}
@book{10.5555/551916,
author = {Foundation, Electronic Frontier and Loukides, Mike and Gilmore, John},
title = {Cracking DES: Secrets of Encryption Research, Wiretap Politics and Chip Design},
year = {1998},
isbn = {1565925203},
publisher = {O'Reilly \& Associates, Inc.},
address = {USA},
}
@article{daemen1999aes,
  title={AES proposal: Rijndael},
  author={Daemen, Joan and Rijmen, Vincent},
  year={1999},
  publisher={Gaithersburg, MD, USA}
}
@misc{233626,
  author = {Elaine Barker and Larry Feldman and Gregory Witte},
  title = {Guidance on the TDEA Block Ciphers},
  year = {2017},
  month = {2017-11-27},
  publisher = {ITL Bulletin, National Institute of Standards and Technology, Gaithersburg, MD},
  url = {https://tsapps.nist.gov/publication/get_pdf.cfm?pub_id=924816},
  language = {en},
}
@misc{rfc7801,
    series =    {Request for Comments},
    number =    7801,
    howpublished =  {RFC 7801},
    publisher = {RFC Editor},
    doi =       {10.17487/RFC7801},
    url =       {https://www.rfc-editor.org/info/rfc7801},
    author =    {Vasily Dolmatov},
    title =     {{GOST R 34.12-2015: Block Cipher "Kuznyechik"}},
    pagetotal = 14,
    year =      2016,
    month =     mar,
}
@misc{rfc5830,
    series =    {Request for Comments},
    number =    5830,
    howpublished =  {RFC 5830},
    publisher = {RFC Editor},
    doi =       {10.17487/RFC5830},
    url =       {https://www.rfc-editor.org/info/rfc5830},
    author =    {Vasily Dolmatov},
    title =     {{GOST 28147-89: Encryption, Decryption, and Message Authentication Code (MAC) Algorithms}},
    pagetotal = 19,
    year =      2010,
    month =     mar,
}
@article{DBLP:journals/iacr/JanaRSP23,
  author       = {Amit Jana and
                  Mostafizar Rahman and
                  Dhiman Saha and
                  Goutam Paul},
  title        = {Switching the Top Slice of the Sandwich with Extra Filling Yields
                  a Stronger Boomerang for NLFSR-based Block Ciphers},
  journal      = {{IACR} Cryptol. ePrint Arch.},
  pages        = {1543},
  year         = {2023},
  url          = {https://eprint.iacr.org/2023/1543},
  biburl       = {https://dblp.org/rec/journals/iacr/JanaRSP23.bib},
  bibsource    = {dblp computer science bibliography, https://dblp.org}
@misc{cryptoeprint:2011/211,
      author = {Nicolas T.  Courtois},
      title = {Security Evaluation of {GOST} 28147-89 In View Of International Standardisation},
      howpublished = {Cryptology {ePrint} Archive, Paper 2011/211},
      year = {2011},
      url = {https://eprint.iacr.org/2011/211}
}
@misc{rfc8891,
    series =    {Request for Comments},
    number =    8891,
    howpublished =  {RFC 8891},
    publisher = {RFC Editor},
    doi =       {10.17487/RFC8891},
    url =       {https://www.rfc-editor.org/info/rfc8891},
    author =    {Vasily Dolmatov and Dmitry Baryshkov},
    title =     {{GOST R 34.12-2015: Block Cipher "Magma"}},
    pagetotal = 13,
    year =      2020,
    month =     sep,
}
@misc{kasumispec,
title = {3GPP TS 35.202 V18.0.0 (2024-03)
Technical Specification
3rd Generation Partnership Project;
Technical Specification Group Services and System Aspects;
3G Security;
Specification of the 3GPP confidentiality
and integrity algorithms;
Document 2: KASUMI specification
(Release 18)},
author = {3GPP}
}
@InProceedings{10.1007/BFb0052334,
author="Matsui, Mitsuru",
editor="Biham, Eli",
title="New block encryption algorithm MISTY",
booktitle="Fast Software Encryption",
year="1997",
publisher="Springer Berlin Heidelberg",
address="Berlin, Heidelberg",
pages="54--68",
isbn="978-3-540-69243-0"
}
@misc{cryptoeprint:2004/094,
      author = {Alex Biryukov},
      title = {Block Ciphers and Stream Ciphers:  The State of the Art},
      howpublished = {Cryptology {ePrint} Archive, Paper 2004/094},
      year = {2004},
      url = {https://eprint.iacr.org/2004/094}
}
@ARTICLE{5389567,
  author={Coppersmith, D.},
  journal={IBM Journal of Research and Development}, 
  title={The Data Encryption Standard (DES) and its strength against attacks}, 
  year={1994},
  volume={38},
  number={3},
  pages={243-250},
  keywords={},
  doi={10.1147/rd.383.0243}}
@InProceedings{10.1007/3-540-38424-3_1,
author="Biham, Eli
and Shamir, Adi",
editor="Menezes, Alfred J.
and Vanstone, Scott A.",
title="Differential Cryptanalysis of DES-like Cryptosystems",
booktitle="Advances in Cryptology-CRYPTO' 90",
year="1991",
publisher="Springer Berlin Heidelberg",
address="Berlin, Heidelberg",
pages="2--21"
}
@article{jofc-1994-14102,
  title={New Types of Cryptanalytic Attacks Using Related Keys},
  journal={J. Cryptology},
  volume={7},
  pages={229-246},
  doi={10.1007/BF00203965},
  author={Eli Biham},
  year=1994
}
@InProceedings{10.1007/3-540-48519-8_12,
author="Wagner, David",
editor="Knudsen, Lars",
title="The Boomerang Attack",
booktitle="Fast Software Encryption",
year="1999",
publisher="Springer Berlin Heidelberg",
address="Berlin, Heidelberg",
pages="156--170",
isbn="978-3-540-48519-3"
}
@InProceedings{inproceedings2,
author = {Biham, Eli and Dunkelman, Orr and Keller, Nathan},
year = {2005},
month = {01},
pages = {507-525},
title = {Related-Key Boomerang and Rectangle Attacks},
volume = {3494},
journal = {Lecture Notes in Computer Science}
}
@inproceedings{fse-2004-3110,
  title={Related Key Differential Attacks on 27 Rounds of XTEA and Full-Round GOST},
  booktitle={Fast Software Encryption, 11th International Workshop, FSE 2004, Delhi, India, February 5-7, 2004, Revised Papers},
  series={Lecture Notes in Computer Science},
  publisher={Springer},
  volume={3017},
  pages={299-316},
  url={https://iacr.org/archive/fse2004/30170298/30170298.pdf},
  doi={10.1007/978-3-540-25937-4_19},
  author={Youngdai Ko and Seokhie Hong and Wonil Lee and Sangjin Lee and Ju-Sung Kang},
  year=2004
}
@article{articleruss,
author = {Пудовкина, Марина and Pudovkina, Marina and Хоруженко, Георгий and Khoruzhenko, Georgii},
year = {2013},
month = {01},
pages = {127-152},
title = {Атака на шифрсистему ГОСТ 28147-89 с 12 связанными ключами},
volume = {4},
journal = {Математические вопросы криптографии},
doi = {10.4213/mvk88}
}
@misc{bpdict,
    author = {Tony Sale},
    Title = {The Bletchley Park 1944 Cryptographic Dictionary formatted by Tony Sale (c) 2001},
    year = {2001}
}
@misc{cointelegraphCointelegraphBitcoin,
	author = {Onkar Singh},
	title = {{K}nown {P}laintext-{A}ttacks-{E}xplained --- cointelegraph.com},
	howpublished = {\url{https://cointelegraph.com/explained/known-plaintext-attacks-explained}},
	year = {2024},
	note = {[Accessed 15-04-2025]},
}
@BOOK{Katz2007-mm,
  title     = "Introduction to modern cryptography",
  author    = "Katz, Jonathan and Lindell, Yehuda",
  publisher = "Chapman \& Hall/CRC",
  series    = "Chapman \& Hall/CRC Cryptography and Network Security Series",
  month     =  aug,
  year      =  2007,
  address   = "Philadelphia, PA",
  language  = "en",
  pages = {8-9}
}
@misc{cryptoeprint:2016/1171-2,
      author = {Roberto Avanzi},
      title = {A Salad of Block Ciphers, page 108},
      howpublished = {Cryptology {ePrint} Archive, Paper 2016/1171},
      year = {2016},
      pages = {108},
      url = {https://eprint.iacr.org/2016/1171}
}
@article{unfindable,
author = {Fleischmann, Ewan and Gorski, Michael and Huhne, Jan-Hendrik and Lucks, Stefan},
pages = {},
title = {Key Recovery Attack on full GOST Block Cipher with Zero Time and Memory}
}
@misc{cryptoeprint:2016/1171-141,
      author = {Roberto Avanzi},
      title = {A Salad of Block Ciphers, page 141},
      howpublished = {Cryptology {ePrint} Archive, Paper 2016/1171},
      year = {2016},
      pages = {141},
      url = {https://eprint.iacr.org/2016/1171}
}

@inbook{doi:https://doi.org/10.1002/9781119183471.ch14,
author = {Schneier, Bruce},
publisher = {John Wiley & Sons, Ltd},
isbn = {9781119183471},
title = {Still Other Block Ciphers},
booktitle = {Applied Cryptography, Second Edition},
chapter = {14},
pages = {331-355},
doi = {https://doi.org/10.1002/9781119183471.ch14},
url = {https://onlinelibrary.wiley.com/doi/abs/10.1002/9781119183471.ch14},
eprint = {https://onlinelibrary.wiley.com/doi/pdf/10.1002/9781119183471.ch14},
year = {2015},
}
@inproceedings{fse-2001-3046,
  title={Related Key Attacks on Reduced Round KASUMI},
  booktitle={Fast Software Encryption, 8th International Workshop, FSE 2001 Yokohama, Japan, April 2-4, 2001, Revised Papers},
  series={Lecture Notes in Computer Science},
  publisher={Springer},
  volume={2355},
  pages={277-285},
  doi={10.1007/3-540-45473-X_23},
  author={Mark Blunden and Adrian Escott},
  year=2001
}
@misc{cryptoeprint:2016/1171-141-29,
      author = {Roberto Avanzi},
      title = {A Salad of Block Ciphers, page 29},
      howpublished = {Cryptology {ePrint} Archive, Paper 2016/1171},
      year = {2016},
      pages = {29},
      url = {https://eprint.iacr.org/2016/1171}
}
@book{van2011encyclopedia,
  title={Encyclopedia of Cryptography and Security},
  author={van Tilborg, H.C.A. and Jajodia, S.},
  number={v. 1},
  pages={517},
  isbn={9781441959058},
  lccn={2011927758},
  series={Encyclopedia of Cryptography and Security},
  url={https://books.google.co.uk/books?id=UuNKmgv70lMC},
  year={2011},
  publisher={Springer}
}
@article{article-g32,
author = {Zajac, Pavol and Čagala, Radoslav},
year = {2012},
month = {12},
pages = {},
title = {Local reduction and the algebraic cryptanalysis of the block cipher gost},
volume = {65},
journal = {Periodica Mathematica Hungarica},
doi = {10.1007/s10998-012-6376-9}
}
@article{Sun_Gerault_Wang_Wang_2020, 
title={On the Usage of Deterministic (Related-Key) Truncated Differentials and Multidimensional Linear Approximations for SPN Ciphers}, 
volume={2020},  
url={https://tosc.iacr.org/index.php/ToSC/article/view/8702},  
DOI={10.13154/tosc.v2020.i3.262-287}, year={2020}, 
month={Sep.}, 
pages={262–287} 
}
@inproceedings{fse-2007-3268,
  title={Related-Key Rectangle Attacks on Reduced AES-192 and AES-256},
  booktitle={Fast Software Encryption, 14th International Workshop, FSE 2007, Luxembourg, Luxembourg, March 26-28, 2007, Revised Selected Papers},
  series={Lecture Notes in Computer Science},
  publisher={Springer},
  volume={4593},
  pages={225-241},
  url={https://iacr.org/archive/fse2007/45930226/45930226.pdf},
  doi={10.1007/978-3-540-74619-5_15},
  author={Jongsung Kim and Seokhie Hong and Bart Preneel},
  year=2007
}